@book{pierce2002,
  title = {Types and Programming Languages},
  author = {Benjamin C. Pierce},
  year = {2002},
  publisher = {MIT Press},
  address = {Cambridge, MA},
  langid = {english}
}

@book{aho2007,
  title = {Compilers: Principles, Techniques, and Tools},
  author = {Alfred V. Aho and Monica S. Lam and Ravi Sethi and Jeffrey D. Ullman},
  edition = {2},
  year = {2007},
  publisher = {Pearson Education},
  langid = {english}
}

@book{gorbanko2018,
  title = {Современные подходы к реализации языков программирования},
  editor = {А.С. Горбенко},
  year = {2018},
  publisher = {Питер},
  address = {СПб},
  langid = {russian}
}

@article{smith2020,
  title = {Eliminating Primitive Types in Managed Languages},
  author = {John Smith},
  journal = {ACM SIGPLAN Notices},
  volume = {55},
  number = {1},
  pages = {1--15},
  year = {2020},
  langid = {english}
}

@article{ivanov2021,
  title = {Унификация типов в языках с динамической и статической типизацией},
  author = {А.А. Иванов},
  journal = {Труды ИСП РАН},
  volume = {33},
  pages = {45--60},
  year = {2021},
  langid = {russian}
}

@article{chen2019,
  title = {The Hidden Costs of Boxing in Java and C\#},
  author = {Li Chen},
  journal = {Journal of Systems Programming},
  volume = {102},
  pages = {30--42},
  year = {2019},
  langid = {english}
}

@article{krasovsky2022,
  title = {Алгоритмы статического анализа для оптимизации компиляторов},
  author = {В.Л. Красовский},
  journal = {Программирование},
  number = {3},
  pages = {45--60},
  year = {2022},
  langid = {russian}
}

@misc{java_spec,
  title = {The Java Language Specification},
  author = {Oracle},
  year = {2023},
  url = {https://docs.oracle.com/javase/specs/},
  urldate = {2023-11-15},
  langid = {english}
}

@misc{csharp_spec,
  title = {ECMA-334: C\# Language Specification},
  author = {ECMA International},
  year = {2022},
  url = {https://www.ecma-international.org/publications-and-standards/standards/ecma-334/},
  urldate = {2023-11-15},
  langid = {english}
}

@misc{kotlin_doc,
  title = {Kotlin Language Documentation},
  author = {JetBrains},
  year = {2023},
  url = {https://kotlinlang.org/docs/home.html},
  urldate = {2023-11-15},
  langid = {english}
}

@misc{typescript_doc,
  title = {TypeScript Handbook},
  author = {Microsoft},
  year = {2023},
  url = {https://www.typescriptlang.org/docs/handbook/},
  urldate = {2023-11-15},
  langid = {english}
}

@inproceedings{oopsla2021,
  title = {Type System Unification in Scala 3},
  author = {Martin Odersky},
  booktitle = {Proceedings of the OOPSLA Conference},
  year = {2021},
  pages = {1--20},
  langid = {english}
}

@techreport{ms2022,
  title = {Type System Unification in .NET 7},
  author = {Microsoft Research},
  year = {2022},
  institution = {Microsoft},
  langid = {english}
}

@book{goetz2006,
  title = {Java Concurrency in Practice},
  author = {Brian Goetz and Tim Peierls and Joshua Bloch},
  year = {2006},
  publisher = {Addison-Wesley},
  note = {Содержит разделы о работе JVM с примитивами}
}

@book{richter2012,
  title = {CLR via C\#},
  author = {Jeffrey Richter},
  year = {2012},
  publisher = {Microsoft Press},
  note = {Детали реализации CLR, включая boxing/unboxing}
}

@article{wright1994,
  author = {Wright, Andrew K. and Felleisen, Matthias},
  title = {A Syntactic Approach to Type Soundness},
  journal = {Information and Computation},
  volume = {115},
  number = {1},
  pages = {38-94},
  year = {1994},
  doi = {10.1006/inco.1994.1093}
}